<record><leader>00000cas a22000007a 4500</leader><controlfield tag="001">17894464</controlfield><controlfield tag="008">880504d19201922ohuwr ne      0    0eng d</controlfield><datafield ind1=" " ind2=" " tag="010"><subfield code="a">sn 88077450 </subfield></datafield><datafield ind1=" " ind2=" " tag="040"><subfield code="a">ONP</subfield><subfield code="b">eng</subfield><subfield code="c">ONP</subfield><subfield code="d">OCLCQ</subfield><subfield code="d">OCLCF</subfield><subfield code="d">OCLCO</subfield></datafield><datafield ind1=" " ind2=" " tag="042"><subfield code="a">msc</subfield></datafield><datafield ind1=" " ind2=" " tag="043"><subfield code="a">n-us-oh</subfield></datafield><datafield ind1="0" ind2="4" tag="245"><subfield code="a">The Greenfield Independent.</subfield></datafield><datafield ind1=" " ind2=" " tag="260"><subfield code="a">Greenfield, Ohio :</subfield><subfield code="b">C.S. Clouser,</subfield><subfield code="c">1920-1922.</subfield></datafield><datafield ind1=" " ind2=" " tag="310"><subfield code="a">Weekly</subfield></datafield><datafield ind1="0" ind2=" " tag="362"><subfield code="a">Vol. 1, no. 1 (Sept. 16, 1920)-v. 3, no. 17 (Dec. 28, 1922).</subfield></datafield><datafield ind1=" " ind2="0" tag="651"><subfield code="a">Greenfield (Ohio)</subfield><subfield code="v">Newspapers.</subfield></datafield><datafield ind1=" " ind2="0" tag="651"><subfield code="a">Highland County (Ohio)</subfield><subfield code="v">Newspapers.</subfield></datafield><datafield ind1=" " ind2="7" tag="655"><subfield code="a">Newspapers.</subfield><subfield code="2">fast</subfield><subfield code="0">(OCoLC)fst01423814</subfield></datafield><datafield ind1=" " ind2="7" tag="651"><subfield code="a">Ohio</subfield><subfield code="z">Greenfield.</subfield><subfield code="2">fast</subfield><subfield code="0">(OCoLC)fst01232641</subfield></datafield><datafield ind1=" " ind2="7" tag="651"><subfield code="a">Ohio</subfield><subfield code="z">Highland County.</subfield><subfield code="2">fast</subfield><subfield code="0">(OCoLC)fst01215687</subfield></datafield><datafield ind1=" " ind2=" " tag="752"><subfield code="a">United States</subfield><subfield code="b">Ohio</subfield><subfield code="c">Highland</subfield><subfield code="d">Greenfield.</subfield></datafield></record>